<record><leader>00000cas a2200000 a 4500</leader><controlfield tag="001">5005071</controlfield><controlfield tag="008">790525d19741990ctuwr ne      0   a0eng d</controlfield><datafield ind1=" " ind2=" " tag="010"><subfield code="a">sn 79003819 </subfield></datafield><datafield ind1=" " ind2=" " tag="040"><subfield code="a">NSD</subfield><subfield code="b">eng</subfield><subfield code="c">NSD</subfield><subfield code="d">CNW</subfield><subfield code="d">OCL</subfield><subfield code="d">OCLCQ</subfield></datafield><datafield ind1=" " ind2=" " tag="012"><subfield code="k">1</subfield><subfield code="m">1</subfield></datafield><datafield ind1="1" ind2=" " tag="022"><subfield code="a">0191-5541</subfield><subfield code="l">0191-5541</subfield><subfield code="2">1</subfield></datafield><datafield ind1=" " ind2=" " tag="032"><subfield code="a">657850</subfield><subfield code="b">USPS</subfield></datafield><datafield ind1=" " ind2=" " tag="042"><subfield code="a">nsdp</subfield><subfield code="a">msc</subfield></datafield><datafield ind1=" " ind2="0" tag="222"><subfield code="a">North Haven post</subfield></datafield><datafield ind1="0" ind2="0" tag="245"><subfield code="a">North Haven post.</subfield></datafield><datafield ind1=" " ind2=" " tag="260"><subfield code="a">Wallingford, Conn. :</subfield><subfield code="b">Wallingford Post Publications</subfield></datafield><datafield ind1=" " ind2=" " tag="310"><subfield code="a">Weekly</subfield></datafield><datafield ind1="1" ind2=" " tag="362"><subfield code="a">Began in Oct. 1974.</subfield></datafield><datafield ind1="0" ind2=" " tag="362"><subfield code="a">-v. 46, no. 35 (Dec. 20, 1990).</subfield></datafield><datafield ind1=" " ind2=" " tag="500"><subfield code="a">Published in North Haven, Conn., Apr. 23, 1986-1990.</subfield></datafield><datafield ind1=" " ind2=" " tag="580"><subfield code="a">Continues in part: Wallingford post.</subfield></datafield><datafield ind1=" " ind2=" " tag="580"><subfield code="a">Issued with: Wallingford post, June 27-Dec. 19, 1984.</subfield></datafield><datafield ind1=" " ind2=" " tag="580"><subfield code="a">Issued in a combined ed. with: Wallingford post, under title: The Post, for Christmas and New Years weeks, 1984-1989.</subfield></datafield><datafield ind1=" " ind2=" " tag="588"><subfield code="a">Description based on: Vol. 15, no. 30 (Oct. 23, 1974).</subfield></datafield><datafield ind1=" " ind2="4" tag="651"><subfield code="a">North Haven (Conn.)</subfield><subfield code="v">Newspapers.</subfield></datafield><datafield ind1=" " ind2=" " tag="752"><subfield code="a">United States</subfield><subfield code="b">Connecticut</subfield><subfield code="c">New Haven</subfield><subfield code="d">North Haven.</subfield></datafield><datafield ind1="0" ind2="7" tag="785"><subfield code="t">Wallingford post</subfield><subfield code="w">(DLC)sn 79003820</subfield><subfield code="w">(OCoLC)5005116</subfield></datafield><datafield ind1="0" ind2="7" tag="785"><subfield code="t">Post (Hamden, Conn.)</subfield><subfield code="w">(DLC)sn 92051533</subfield><subfield code="w">(OCoLC)26947497</subfield></datafield><datafield ind1=" " ind2=" " tag="936"><subfield code="a">Dec. 20, 1990</subfield></datafield><datafield ind1="1" ind2=" " tag="029"><subfield code="a">AU@</subfield><subfield code="b">000020350516</subfield></datafield></record>